<record><leader>00000cas a2200000 a 4500</leader><controlfield tag="001">32325757</controlfield><controlfield tag="007">hd bfu---baat</controlfield><controlfield tag="007">hd afu---bact</controlfield><controlfield tag="008">950418d19281953nbuwr nea     0    0eng c</controlfield><datafield ind1=" " ind2=" " tag="010"><subfield code="a">sn 95069334 </subfield></datafield><datafield ind1=" " ind2=" " tag="040"><subfield code="a">NVG</subfield><subfield code="b">eng</subfield><subfield code="c">NVG</subfield><subfield code="d">OCLCQ</subfield></datafield><datafield ind1=" " ind2=" " tag="042"><subfield code="a">pcc</subfield></datafield><datafield ind1=" " ind2=" " tag="043"><subfield code="a">n-us-nb</subfield></datafield><datafield ind1="0" ind2=" " tag="130"><subfield code="a">Madison star-mail (Madison, Neb. : 1928)</subfield></datafield><datafield ind1="1" ind2="0" tag="245"><subfield code="a">Madison star-mail.</subfield></datafield><datafield ind1="1" ind2="3" tag="246"><subfield code="a">Madison star-mail and Elkhorn Valley mirror consolidated</subfield><subfield code="f">Apr. 5, 1928-June 27, 1929</subfield></datafield><datafield ind1="1" ind2="3" tag="246"><subfield code="a">Madison star-mail and Madison news consolidated</subfield><subfield code="f">Aug. 3, 1933-Jan. 4, 1934</subfield></datafield><datafield ind1=" " ind2=" " tag="260"><subfield code="a">Madison, Neb. :</subfield><subfield code="b">Star-mail Pub. Co.,</subfield><subfield code="c">1928-1953.</subfield></datafield><datafield ind1=" " ind2=" " tag="300"><subfield code="a">24 volumes</subfield></datafield><datafield ind1=" " ind2=" " tag="310"><subfield code="a">Weekly</subfield></datafield><datafield ind1=" " ind2=" " tag="336"><subfield code="a">text</subfield><subfield code="b">txt</subfield><subfield code="2">rdacontent</subfield></datafield><datafield ind1=" " ind2=" " tag="337"><subfield code="a">microform</subfield><subfield code="b">h</subfield><subfield code="2">rdamedia</subfield></datafield><datafield ind1=" " ind2=" " tag="338"><subfield code="a">microfilm reel</subfield><subfield code="b">hd</subfield><subfield code="2">rdacarrier</subfield></datafield><datafield ind1="0" ind2=" " tag="362"><subfield code="a">Vol. 36, no. 25 (Apr. 5, 1928)-v. 36, no. 52 (Oct. 11, 1928) ; v. 54, no. 1 (Oct. 18, 1928)-v. 76, no. 39 (June 18, 1953).</subfield></datafield><datafield ind1=" " ind2=" " tag="533"><subfield code="a">Microfilm.</subfield><subfield code="m">Apr. 5,1928-June 18,1953:[Lacks Feb. 13,1930]</subfield><subfield code="b">Lincoln, Neb. :</subfield><subfield code="c">Nebraska State Historical Society.</subfield><subfield code="e">9 microfilm reels ; 35 mm.</subfield></datafield><datafield ind1=" " ind2=" " tag="752"><subfield code="a">United States</subfield><subfield code="b">Nebraska</subfield><subfield code="c">Madison</subfield><subfield code="d">Madison.</subfield></datafield><datafield ind1="0" ind2="0" tag="780"><subfield code="t">Madison star-mail and Elkhorn Valley mirror consolidated</subfield><subfield code="w">(DLC)sn 95069335</subfield></datafield><datafield ind1="0" ind2="5" tag="780"><subfield code="t">Madison news (Madison, Neb.)</subfield><subfield code="w">(DLC)sn 95069338</subfield></datafield><datafield ind1="0" ind2="0" tag="785"><subfield code="t">Madison star (Madison, Neb. : 1953)</subfield><subfield code="w">(DLC)sn 95069333</subfield></datafield></record>